@misc{Ref:gpuvscpui,
	author = {nVidia},
   	url = {http://www.nvidia.com/object/molecular_dynamics_simulation.html?_templateId=322}
}
@misc{Ref:gpu2,
   	url = {http://www.scientific-computing.com/hpcforscience/feature-gpu.html}
}
@misc{Ref:devices,
   	url = {http://www.khronos.org/conformance/adopters/conformant-products#opencll}
}
@article{smith,
	Author = {D. R. Smith, W. J. Padilla, D. C. Vier, S. C. Nemat-Naseer, and S. Schultz},
	Number = {84},
	Pages = {4184},
	Journal = {Phys. Rev. Lett.},
	Year = {2000 }}

@article{drude,
	Author = {Paul Drude},
	Journal = {Annalen der Physik},
	Number = {3},
	Numpages = {556},
	Pages = {306},
	Title = {Zur Elektronentheorie der metalle},
	Volume = {3},
	Year = {1900}
}

@unpublished{cpuvsgpunotes,
  Author = {Prof. Mike Giles},
  Institution = {University of Oxford},
  Howpublished = {University Lecture},
  Year = {2003},
  Title = {CPUs and GPUs, lecture notes}
}

@book{openclpro,
    author    = "Ryoji Tsuchiyama, Takashi Nakamura, Takuro Iizuka, Akihiro Asahara, Jeongdo Son, Satoshi Miki",
    title     = "The OpenCL Programming Book",
    year      = "2010",
    publisher = "Fixstars",
}

@article{kane,
	Author = {Kane Yee},
	Journal = { IEEE Transactions on Antennas and Propagation},
	Number = {3},
	Numpages = {556},
	Pages = {302–307},
	Title = {Numerical solution of initial boundary value problems involving Maxwell's equations in isotropic media},
	Volume = {14},
	Year = {1966}
}
@article{vesel,
	Author = {Veselago, V. G.},
	Journal = {Soviet Physics Uspekhi},
	Number = {4},
	Numpages = {556},
	Pages = {509–514},
	Title = {The electrodynamics of substances with simultaneously negative values of $\epsilon$ and $\mu$},
	Volume = {10},
	Year = {1968}
}
@misc{Khronos,
    %author    = "Khronos Group",
    %title     = "Khronos Launches Heterogeneous Computing Initiative",
    %howpublished = "Press release",
    %year     = "2008",
    %month    = "June",
}

@article{pendry,
	Author = {Pendry, J.B. et al.},
	Journal = {IEEE Trans},
	Pages = {2075},
	Title = { Microwave Theory Tech},
	Volume = {47},
	Year = {1999}
}

@unpublished{rama,
  Author = {Ramakrishna, S. A.},
  Institution = {private communication},
  Year = {2006},
  Title = {EM research trends}
}








